<record><leader>00000cas a22000007a 4500</leader><controlfield tag="001">9379314</controlfield><controlfield tag="008">830406d18551857meuwr ne      0    0eng  </controlfield><datafield ind1=" " ind2=" " tag="010"><subfield code="a">sn 83016069 </subfield></datafield><datafield ind1=" " ind2=" " tag="040"><subfield code="a">DLC</subfield><subfield code="b">eng</subfield><subfield code="c">DLC</subfield><subfield code="d">NPX</subfield><subfield code="d">NPU</subfield><subfield code="d">DLC</subfield><subfield code="d">MBN</subfield><subfield code="d">OCL</subfield><subfield code="d">OCLCO</subfield><subfield code="d">OCLCF</subfield><subfield code="d">DLC</subfield></datafield><datafield ind1=" " ind2=" " tag="042"><subfield code="a">msc</subfield></datafield><datafield ind1=" " ind2=" " tag="043"><subfield code="a">n-us-me</subfield></datafield><datafield ind1="0" ind2="0" tag="050"><subfield code="a">Newspaper 8007-X</subfield></datafield><datafield ind1="0" ind2="4" tag="245"><subfield code="a">The Journal and inquirer.</subfield></datafield><datafield ind1=" " ind2=" " tag="260"><subfield code="a">Portland, Me. :</subfield><subfield code="b">Benjamin D. Peck,</subfield><subfield code="c">1855-</subfield></datafield><datafield ind1=" " ind2=" " tag="300"><subfield code="a">v. :</subfield><subfield code="b">ill. (chiefly advertisements) ;</subfield><subfield code="c">64-68 cm.</subfield></datafield><datafield ind1=" " ind2=" " tag="310"><subfield code="a">Weekly</subfield></datafield><datafield ind1="0" ind2=" " tag="362"><subfield code="a">Vol. 12, no. 44 (Nov. 3, 1855)-v. 14, no. 1 (Jan. 1, 1857).</subfield></datafield><datafield ind1=" " ind2=" " tag="500"><subfield code="a">Editor: B.D. Peck.</subfield></datafield><datafield ind1=" " ind2=" " tag="500"><subfield code="a">"A Weekly Newspaper : Devoted to Temperance, Prohibition, Freedom, Education, Agriculture, General Intelligence, &amp;c." Cf. Dec. 29, 1855.</subfield></datafield><datafield ind1=" " ind2=" " tag="580"><subfield code="a">Formed by the union of: Maine temperance journal, and: Portland inquirer.</subfield></datafield><datafield ind1=" " ind2="0" tag="651"><subfield code="a">Portland (Me.)</subfield><subfield code="v">Newspapers.</subfield></datafield><datafield ind1=" " ind2="7" tag="651"><subfield code="a">Maine</subfield><subfield code="z">Portland.</subfield><subfield code="2">fast</subfield><subfield code="0">(OCoLC)fst01213254</subfield></datafield><datafield ind1=" " ind2="7" tag="655"><subfield code="a">Newspapers.</subfield><subfield code="2">fast</subfield><subfield code="0">(OCoLC)fst01423814</subfield></datafield><datafield ind1="1" ind2=" " tag="700"><subfield code="a">Peck, Benjamin D.,</subfield><subfield code="d">1813-1896.</subfield></datafield><datafield ind1=" " ind2=" " tag="752"><subfield code="a">United States</subfield><subfield code="b">Maine</subfield><subfield code="c">Cumberland</subfield><subfield code="d">Portland.</subfield></datafield><datafield ind1="1" ind2="4" tag="780"><subfield code="t">Maine temperance journal</subfield><subfield code="w">(DLC)sn 86063263</subfield></datafield><datafield ind1="1" ind2="4" tag="780"><subfield code="t">Portland inquirer</subfield><subfield code="w">(DLC)sn 83016070</subfield></datafield><datafield ind1="0" ind2="0" tag="785"><subfield code="t">Maine temperance journal and inquirer</subfield><subfield code="w">(DLC)sn 95068063</subfield></datafield><datafield ind1="1" ind2=" " tag="029"><subfield code="a">AU@</subfield><subfield code="b">000020225748</subfield></datafield></record>